{
  "leader": "01576nam a2200289Ii 4500",
  "fields": [
    {
      "001": "bslw09820476"
    },
    {
      "003": "UtOrBLW"
    },
    {
      "005": "20211119111650.0"
    },
    {
      "008": "211119s1979\\\\\\\\dcua\\\\\\\\\\b\\\\\\\\100\\0\\eng\\u"
    },
    {
      "040": {
        "ind1": "\\",
        "ind2": "\\",
        "subfields": [
          {
            "a": "UtOrBLW"
          },
          {
            "b": "eng"
          },
          {
            "e": "rda"
          },
          {
            "c": "UtOrBLW"
          }
        ]
      }
    },
    {
      "082": {
        "ind1": "0",
        "ind2": "4",
        "subfields": [
          {
            "a": "362.1"
          },
          {
            "b": "MEN"
          }
        ]
      }
    },
    {
      "245": {
        "ind1": "0",
        "ind2": "0",
        "subfields": [
          {
            "a": "Mental health services in general health care :"
          },
          {
            "b": "summary of the Invitational Conference on the Provision of Mental Health Services in Primary Care Settings, April 2, 3, 1979, Washington, D.C."
          },
          {
            "n": "Volume 1 :"
          },
          {
            "p": "Conference report /"
          },
          {
            "c": "Division of Mental Health and Behavioral Medicine, Institute of Medicine."
          }
        ]
      }
    },
    {
      "246": {
        "ind1": "3",
        "ind2": "0",
        "subfields": [
          {
            "a": "Summary of the Invitational Conference on the Provision of Mental Health Services in Primary Care Settings, April 2, 3, 1979, Washington, D.C."
          },
          {
            "n": "Volume 1,"
          },
          {
            "p": "Conference report"
          }
        ]
      }
    },
    {
      "264": {
        "ind1": "\\",
        "ind2": "1",
        "subfields": [
          {
            "a": "Washington, D.C. :"
          },
          {
            "b": "National Academy of Sciences,"
          },
          {
            "c": "1979."
          }
        ]
      }
    },
    {
      "300": {
        "ind1": "\\",
        "ind2": "\\",
        "subfields": [
          {
            "a": "288 pages :"
          },
          {
            "b": "illustrations ;"
          },
          {
            "c": "28 cm."
          }
        ]
      }
    },
    {
      "336": {
        "ind1": "\\",
        "ind2": "\\",
        "subfields": [
          {
            "a": "text"
          },
          {
            "b": "txt"
          },
          {
            "2": "rdacontent"
          }
        ]
      }
    },
    {
      "337": {
        "ind1": "\\",
        "ind2": "\\",
        "subfields": [
          {
            "a": "unmediated"
          },
          {
            "b": "n"
          },
          {
            "2": "rdamedia"
          }
        ]
      }
    },
    {
      "338": {
        "ind1": "\\",
        "ind2": "\\",
        "subfields": [
          {
            "a": "volume"
          },
          {
            "b": "nc"
          },
          {
            "2": "rdacarrier"
          }
        ]
      }
    },
    {
      "490": {
        "ind1": "1",
        "ind2": "\\",
        "subfields": [
          {
            "a": "IOM publication ;"
          },
          {
            "v": "79-004"
          }
        ]
      }
    },
    {
      "504": {
        "ind1": "\\",
        "ind2": "\\",
        "subfields": [
          {
            "a": "Includes bibliographical references."
          }
        ]
      }
    },
    {
      "650": {
        "ind1": "\\",
        "ind2": "0",
        "subfields": [
          {
            "a": "Mental health services"
          },
          {
            "z": "United States"
          },
          {
            "v": "Congresses."
          }
        ]
      }
    },
    {
      "650": {
        "ind1": "\\",
        "ind2": "0",
        "subfields": [
          {
            "a": "Primary care (Medicine)"
          },
          {
            "z": "United States"
          },
          {
            "v": "Congresses."
          }
        ]
      }
    },
    {
      "710": {
        "ind1": "2",
        "ind2": "\\",
        "subfields": [
          {
            "a": "Institute of Medicine (U.S.)."
          },
          {
            "b": "Division of Mental Health and Behavioral Medicine."
          }
        ]
      }
    },
    {
      "710": {
        "ind1": "2",
        "ind2": "\\",
        "subfields": [
          {
            "a": "National Institute of Mental Health (U.S.)"
          }
        ]
      }
    },
    {
      "711": {
        "ind1": "2",
        "ind2": "\\",
        "subfields": [
          {
            "a": "Invitational Conference on the Provision of Mental Health Services in Primary Care Settings"
          },
          {
            "d": "(1979 :"
          },
          {
            "c": "National Academy of Sciences)"
          }
        ]
      }
    },
    {
      "830": {
        "ind1": "\\",
        "ind2": "0",
        "subfields": [
          {
            "a": "IOM publication ;"
          },
          {
            "v": "79-004."
          }
        ]
      }
    },
    {
      "999": {
        "ind1": "\\",
        "ind2": "\\",
        "subfields": [
          {
            "a": "no barcode"
          }
        ]
      }
    }
  ]
}